@online{knuthwebsite,
    author = "Donald Knuth",
    title = "Knuth: Computers and Typesetting",
    url  = "http://www-cs-faculty.stanford.edu/~uno/abcde.html",
    addendum = "(accessed: 01.09.2016)",
    keywords = "latex,knuth"
}

@online{CUDAJL,
    title = "CUDA programming in Julia",
    url  = "https://juliagpu.gitlab.io/CUDA.jl/",
}

@online{CUDA,
    title = "nVidia CUDA",
    url  = "https://developer.nvidia.com/cuda-zone",
}

@online{crabb,
    title = "Molecular Dynamics Project",
    author = "Emily Crabb",
    url  = "https://github.com/ejc44/MD",
}

@online{julia,
    title = "Julia Programming Language",
    url  = "https://julialang.org",
}

@online{verlet,
    title = "Verlet Velocity Algorithm",
    url  = "https://en.wikipedia.org/wiki/Verlet_integration",
}

@online{myself,
    title = "Molecular Dynamics With CUDA",
    author = "Enrico Verdolotti",
    url  = "https://github.com/3rr4t1c/molecular-dynamics-cuda",
}

% primary paper, detailing the CUDAnative.jl GPU compiler and relevant aspects
@article{besard2018juliagpu,
  author        = {Besard, Tim and Foket, Christophe and De Sutter, Bjorn},
  title         = {Effective Extensible Programming: Unleashing {Julia} on {GPUs}},
  journal       = {IEEE Transactions on Parallel and Distributed Systems},
  year          = {2018},
  doi           = {10.1109/TPDS.2018.2872064},
  ISSN          = {1045-9219},
  archivePrefix = {arXiv},
  eprint        = {1712.03112},
  primaryClass  = {cs.PL},
}

% specific paper on array programming for heterogeneous systems (incl. CuArrays.jl)
@article{besard2019prototyping,
  title         = {Rapid software prototyping for heterogeneous and distributed platforms},
  author        = {Besard, Tim and Churavy, Valentin and Edelman, Alan and De Sutter, Bjorn},
  journal       = {Advances in Engineering Software},
  volume        = {132},
  pages         = {29--46},
  year          = {2019},
  publisher     = {Elsevier}
}